% An example bibliography database showing a few
% typical article and book entries.
@STRING(JCP="J. Comput. Phys.")
@STRING(TEL="Tellus A")
@STRING(MH="McGraw-Hill")


@ARTICLE{Williamson:STS,
   AUTHOR="D. L. Williamson and J. B. Drake and J. J. Hack and R. Jakob and Swarztrauber P. N.",
   TITLE="A Standard Test Set for Numerical Approximations to the Shallow Water Equations in Spherical Geometry",
   JOURNAL=JCP,
   VOLUME=102,
   PAGES="211--224",
   YEAR=1992
}

@ARTICLE{Thuburn:NSR,
   AUTHOR="J. Thuburn and Y. Li",
   TITLE="Numerical simulations of Rossby-Haurwitz waves",
   JOURNAL=TEL,
   VOLUME=52,
   PAGES="181--189",
   YEAR=2000
}

@BOOK{Dutton:CW,
    AUTHOR="J. A. Dutton",
    TITLE="The Ceaseless Wind: An Introduction to the Theory of Atmospheric Motion",
    PUBLISHER=MH,
    YEAR=1976
}
@article{Grimm2006115,
title = "A standard protocol for describing individual-based and agent-based models",
journal = "Ecological Modelling",
volume = "198",
number = "1-2",
pages = "115 - 126",
year = "2006",
note = "",
issn = "0304-3800",
doi = "DOI: 10.1016/j.ecolmodel.2006.04.023",
url = "http://www.sciencedirect.com/science/article/B6VBS-4K606T7-3/2/1dad6192bec683f32fce6dee9d665b51",
author = "Volker Grimm and Uta Berger and Finn Bastiansen and Sigrunn Eliassen and Vincent Ginot and Jarl Giske and John Goss-Custard and Tamara Grand and Simone K. Heinz and Geir Huse and Andreas Huth and Jane U. Jepsen and Christian Jørgensen and Wolf M. Mooij and Birgit Müller and Guy Pe'er and Cyril Piou and Steven F. Railsback and Andrew M. Robbins and Martha M. Robbins and Eva Rossmanith and Nadja Rüger and Espen Strand and Sami Souissi and Richard A. Stillman and Rune Vabø and Ute Visser and Donald L. DeAngelis",
keywords = "Individual-based model",
keywords = "Agent-based model",
keywords = "Model description",
keywords = "Scientific communication",
keywords = "Standardization"
}

@article{Wolff199475,
title = "An individual-oriented model of a wading bird nesting colony",
journal = "Ecological Modelling",
volume = "72",
number = "1-2",
pages = "75 - 114",
year = "1994",
note = "",
issn = "0304-3800",
doi = "DOI: 10.1016/0304-3800(94)90146-5",
url = "http://www.sciencedirect.com/science/article/B6VBS-48YNSFT-2X/2/09ef35a0a8e95b3261adfc540cd87a23",
author = "W. F. Wolff"
}

