@article{Botkin72:1,
  author={D.B. Botkin and J.F. Janak and J.R. Wallis},
  year={1972},
  title={Rationale, limitations,  and assumptions of a northeastern forest growth simulator},
  journal={IBM J. Res. Dev.},
  volume={16},
  pages={101--116}
}

@article{Botkin72:2,
  author={D.B. Botkin and J.F. Janak and J.R. Wallis},
  year={1972},
  title={Some ecological consequences of a computer model of forest growth},
  journal={J. Ecol.},
  volume={60},
  pages={849--872}
}

@article{DeAngelis98:1,
  author={D.L. DeAngelis and L.J. Gross and M.J. Huston and W.F. Wolff and D.M. Fleming and E.J. Comiskey and S.M. Sylvester},
  year={1998},
  title={ Landscape Modelling for Everglades Ecosystem Restoration},
  journal={Ecosystems},
  volume={1},
  pages={64--75}
}

@book{DeAngelis92:1,
  editor={D.L. DeAngelis and L.J. Gross},
  year={1992},
  title={Individual-Based Models and Approaches in Ecology: Populations, Communities and Ecosystems},
  publisher={Chapman and Hall},
  edition={ISBN-10: 0412031612}
}

@article{Fulton04:1,
  author={E.A. Fulton and A.D.M. Smith and A.E. Punt},
  year={2004},
  title={Which ecological indicators can robustly detect effects of fishing},
  journal={ICES Journal of Marine Science},
  series={Journal du Conseil},
  volume={62},
  number={3},
  pages={540--551},
  eprint={doi:10.1016/j.icesjms.2004.12.012}
}

@techreport{Gray06:1,
  author={R. Gray and E. Fulton and R. Little and R. Scott},
  year={2006},
  title={Ecosystem model specification within an agent based framework},
  type={Final Report},
  institution={CSIRO Australia},
  series={CSIRO-CMAR NWSJEMS Technical Reports},
  number={16},
  note={ISBN 1 921061 80 4 (pbk), ISBN 1 921061 82 0 (pdf)},
  address={Hobart, Tasmania}
}

@book {Grimm05:1,
  author={V. Grimm and S.F. Railsback},
  year={2005},
  title={Individual-based Modeling and Ecology},
  publisher={Princeton University Press},
  address={Princeton, New Jersey}
}

@article{Harvey03:1,
  author={C.J. Harvey and S.P. Cox and T.E. Essington and S. Hansson and J.F. Kitchell},
  year={2003},
  title={An ecosystem model of food web and fisheries interactions in the Baltic Sea},
  journal={ ICES Journal of Marine Science},
  volume={60},
  pages={939--950}
}

@article{Huston88:1,
  author={M. Huston and D.L. DeAngelis and  W. Post},
  year={1988},
  title={New computer models unify ecological theory},
  journal={BioScience},
  volume={38},
  pages={682--691}
}

@techreport{Lyne94:1,
  author={V. Lyne and R. Gray and K. Sainsbury and R. Scott},
  year={1994},
  title={Integrated Biophysical Model Investications},
  type={Final Report},
  series={Research on Jarosite Dumping at  Sea},
  volume={5},
  institution={CSIRO Australia, Division of Fisheries},
  address={Hobart, Tasmania}
}

@book{Malthus:1,
  author={Thomas Robert Malthus},
  year={1798},
  title={An Essay on the Principle of Population},
  note={First edition, originally published by J. Johnson, London},
  publisher={Library of Economics and Liberty},
  edition={16 Feb 2010},
  url={http://www.econlib.org/library/Malthus/malPop.html},
  date={16 February 2010},
  address={Internet}
}

@article{Monte09:1,
  author={L. Monte},
  year={2009},
  title={A methodological approach to develop {\em contaminant migration-population effects} models},
  journal={Ecological Modelling},
  volume={220},
  pages={3280--3290}
}

@misc{Ningaloo:1,
  month={August},
  year={2009},
  url={http://www.ningaloo.org.au/www/en/NingalooResearchProgram/Background.htm},
  institution={Ningaloo Research Program},
  publisher={Ningaloo Research Program}
}

@article{Scheffer95:1,
  author={M. Scheffer and J.M. Baveco and D.L. DeAngelis and K.A. Rose},
  year={1995},
  title={Super-individuals: a simple solution for modelling large populations on an individual basis},
  journal={Ecological Modelling},
  volume={80},
  pages={161--170}
}
